@BOOK{李白:静夜思,
  title = {「李白」诗词全集(982首)},
  publisher = {诗词名句网},
  year = {2004},
  author = {李白},
  series = {唐诗宋词},
  address = {广东深圳, 中国}
}

@BOOK{岳飞:满江红,
  title = {宋词大全},
  publisher = {诗词名句网},
  year = {2004},
  author = {岳飞},
  series = {唐诗宋词},
  address = {广东深圳, 中国}
}

@BOOK{王:新白娘子前传,
  title = {新白娘子前传},
  publisher = {中国文艺出版社},
  year = {2020},
  author = {岭南大伯},
  series = {岭南神话系列},
  address = {湖南, 中国}
}

