@article{author2023,
  title = {示例文章},
  author = {作者 and 合作者},
  year = {2023},
  journal = {示例期刊},
  volume = {10},
  pages = {100--120}
}

@book{lee2022,
  title = {示例书籍},
  author = {李四 and 王五},
  year = {2022},
  publisher = {示例出版社},
  address = {北京}
}